<?xml version="1.0" encoding="UTF-8"?><collection xmlns="http://www.loc.gov/MARC21/slim"><record><leader>00463nam--2200133-i-4500</leader><controlfield tag="001">000011012</controlfield><controlfield tag="002">20161230</controlfield><controlfield tag="005">20161230201029</controlfield><controlfield tag="008">060222s1000------------r-----000-0-eng-d</controlfield><datafield ind1=" " ind2=" " tag="100"><subfield code="a">Buras, A.J.And Dias De Deus, J</subfield></datafield><datafield ind1=" " ind2=" " tag="245"><subfield code="a">Scaling law for the elastic differential cross -section in pp-scattering from geometric scali ng</subfield></datafield><datafield ind1=" " ind2=" " tag="260"><subfield code="a">Copenhagen, The Niels Bohr Institute, Universi Ty Of Copenhagen, 1973</subfield></datafield><datafield ind1=" " ind2=" " tag="490"><subfield code="a">17 P. + 8 P.Fig</subfield></datafield><datafield ind1=" " ind2=" " tag="852"><subfield code="a">539.12.162.8(047.1)</subfield></datafield></record></collection>